<?xml version="1.0" encoding="UTF-8"?><collection xmlns="http://www.loc.gov/MARC21/slim"><record><leader>00724nam--2200181-i-4500</leader><controlfield tag="001">000049534</controlfield><controlfield tag="002">20161230</controlfield><controlfield tag="005">20161230201047</controlfield><controlfield tag="008">060222s1000------------r-----000-0-eng-d</controlfield><datafield ind1=" " ind2=" " tag="040"><subfield code="a">IFIN-HH</subfield></datafield><datafield ind1=" " ind2=" " tag="080"><subfield code="a">537.591:539.12</subfield></datafield><datafield ind1="1" ind2=" " tag="110"><subfield code="a">Department Of Atomic Energy, Government Of India</subfield></datafield><datafield ind1="1" ind2="0" tag="245"><subfield code="a">Cosmic rays, astrophysics, geophysics and elementary particle physics 1969</subfield><subfield code="b">Proceedings of the eleventh symposium on cosmic rays, astrophysics, geophysics and elementary particle physics 1969 university of delhi, october 7-11, 1699</subfield></datafield><datafield ind1=" " ind2=" " tag="260"><subfield code="a">Bombay</subfield><subfield code="b">Department Of Atomic Energy</subfield><subfield code="c">1969</subfield></datafield><datafield ind1=" " ind2=" " tag="300"><subfield code="a">2 VOLUMES</subfield></datafield><datafield ind1="1" ind2=" " tag="787"><subfield code="a">Vol.2. Contributed Papers</subfield><subfield code="h">/299p./553p</subfield></datafield><datafield ind1=" " ind2=" " tag="852"><subfield code="a">34119</subfield><subfield code="c">539.13</subfield></datafield><datafield ind1=" " ind2=" " tag="CAT"><subfield code="a">Sys</subfield><subfield code="c">20120227</subfield><subfield code="h">115808</subfield></datafield></record></collection>